@phdthesis{banchoff2011websocket,
	title={Websocket: Comparaci{\'o}n de performance e implementaci{\'o}n de aplicaciones web},
	author={Banchoff Tzancoff, Mat{\'\i}as},
	year={2011},
	school={Universidad Nacional de La Plata}
}
@article{bermudez2021importancia,
  title={Importancia de las aplicaciones m{\'o}viles},
  author={Berm{\'u}dez Le{\'o}n, Max Jos{\'e}},
  year={2021},
  publisher={U San Marcos}
}

@misc{AhoraIncrementoenpreciosdecelulares2020,
	title={Incremento en precios de celulares eleva demanda de servicio técnico},
	 author={revista Ahora},
	 year={2020},
	 publisher={https://ahora.com.pe/servicio-tecnico/} 
	
}

@misc{Weter6deNoviembrede2020,
	title={Incremento en precios de celulares eleva demanda de servicio técnico},
	author={revista Ahora},
	year={2020},
	publisher={https://ahora.com.pe/servicio-tecnico/} 
	
}

@misc{Infobae2024,
	title={Cuánto daño le hace el uso del celular al medio ambiente},
	author={infobae Revista},
	year={2024},
	publisher={https://www.infobae.com/tecno/2024/03/15/cuanto-dano-le-hace-el-uso-del-celular-al-medio-ambiente/} 
	
}

@article{cruz2017evaluacion,
	title={Evaluaci{\'o}n del impacto ambiental al extender la vida {\'u}til del tel{\'e}fono m{\'o}vil},
	author={Cruz Sotelo, Samantha Eugenia and Bovea Edo, Mar{\'\i}a Dolores and Ojeda Benitez, Sara and Santill{\'a}n Soto, N{\'e}stor and Garc{\'\i}a Cueto, Onofre Rafael},
	journal={Revista internacional de contaminaci{\'o}n ambiental},
	volume={33},
	number={4},
	pages={701--712},
	year={2017},
	publisher={Centro de Ciencias de la Atm{\'o}sfera, UNAM}
}

@article{cruz2019economia,
	title={Econom{\'\i}a circular en residuos de aparatos el{\'e}ctricos y electr{\'o}nicos},
	author={Cruz, Jimy Frank Oblitas and Terrones, Max Edwin Sangay and de la Puente, Edward Enrique Rojas and Silupu, Wilson Manuel Castro},
	journal={Revista de Ciencias Sociales (Ve)},
	volume={25},
	number={4},
	pages={196--208},
	year={2019},
	publisher={Universidad del Zulia}
}

@misc{INECC2021EC,
	title={ La extension del tiempo util en telefonos celulares en el marco de la economia circular y cumplimiento de la contribucion nacionalmente determinada},
	author={INECC Instituto nacional de ecologia y cambio climatico},
	year={2021},
	publisher={https://www.gob.mx/cms/uploads/attachment/file/696350/127_2021_Reporte_celulares_vida_util.pdf} 
	
}
@misc{PROFECO2019EC,
	title={ Economia circular en materia de telecuminicaciones},
	author={PROFECO Procuraduria federal del consumidor},
	year={2019},
	publisher={https://www.gob.mx/cms/uploads/attachment/file/661044/ECONOMIA_CIRCULAR_EN_MATERIA_DE_TELECOMUNICACIONES.pdf} 
	
}
@article{erkkila2012websocket,
	title={Websocket security analysis},
	author={Erkkil{\"a}, Jussi-Pekka},
	journal={Aalto University School of Science},
	pages={2--3},
	year={2012}
}